<?xml version="1.0" encoding="UTF-8"?><collection xmlns="http://www.loc.gov/MARC21/slim"><record><leader>00489nam--2200169-i-4500</leader><controlfield tag="001">000036652</controlfield><controlfield tag="002">20161230</controlfield><controlfield tag="005">20161230201041</controlfield><controlfield tag="008">060222s1000------------r-----000-0-eng-d</controlfield><datafield ind1=" " ind2=" " tag="040"><subfield code="a">IFIN-HH</subfield></datafield><datafield ind1=" " ind2=" " tag="080"><subfield code="a">061.3:537.56</subfield></datafield><datafield ind1="1" ind2=" " tag="100"><subfield code="a">Kash, Sidney W</subfield></datafield><datafield ind1="1" ind2="0" tag="245"><subfield code="a">Plasma acceleration</subfield><subfield code="b">Fourth lockheed symposium on magnetodynamics</subfield><subfield code="c">Sidney w. kash (ed.)</subfield></datafield><datafield ind1=" " ind2=" " tag="260"><subfield code="a">Stanford</subfield><subfield code="b">Stanford University Press</subfield><subfield code="c">1960</subfield></datafield><datafield ind1=" " ind2=" " tag="300"><subfield code="a">VII + 117P</subfield></datafield><datafield ind1=" " ind2=" " tag="852"><subfield code="a">16308</subfield><subfield code="c">538.4</subfield></datafield><datafield ind1=" " ind2=" " tag="CAT"><subfield code="a">Sys</subfield><subfield code="c">20110919</subfield><subfield code="h">152213</subfield></datafield></record></collection>